@Book{Fej53,
  author =    {L. {Fejes T{\'o}th}},
  title =        {{L}agerungen in der {E}bene auf der {K}ugel und im {R}aum},
  publisher =    {springer},
  year =         {1953},
  address =   {Berlin-New York},
  edition =   {first},
}

@InProceedings{Hales:1994:MI,
  author =	"T. C. Hales",
  title =	"The status of the {Kepler} Conjecture",
  booktitle =	"Mathematical Intelligencer",
  volume =	"16/3",
  pages =	"47--58",
  year = 	"1994",
}
                  
@book{DSP,
author={T. C. Hales},
title={Dense Sphere Packings: a blueprint for formal proofs},
year={2012},
volume={400},
series={London Math Soc. Lecture Note Series},
publisher={Cambridge University Press},
}

@misc{Scharf,
key={Scharf},
title={On a Detail in {Hales's} {Dense} {Sphere} {Packings}: A Blueprint for Formal Proofs},
author={Nadja Scharf},
other={\url{https://arxiv.org/pdf/1712.03568.pdf}}
}

@unpublished{marchal:2007,
author={Christian Marchal},
title={D\'emonstration de la conjecture de {K}epler},
note={\url{http://hal.archives-ouvertes.fr/hal-00160350/en/}}, 
year={2007},
}

@inproceedings{hales2017formal,
  title={A formal proof of the Kepler conjecture},
  author={Hales, Thomas and Adams, Mark and Bauer, Gertrud and Dang, Tat Dat and Harrison, John and Le Truong, Hoang and Kaliszyk, Cezary and Magron, Victor and McLaughlin, Sean and Nguyen, Tat Thang and others},
  booktitle={Forum of Mathematics, Pi},
  volume={5},
  year={2017},
  organization={Cambridge University Press}
}

@inproceedings{adams2014flyspecking,
  title={Flyspecking Flyspeck},
  author={Adams, Mark},
  booktitle={International Congress on Mathematical Software},
  pages={16--20},
  year={2014},
  organization={Springer}
}

@misc{annalsPolicy,
 key={annals},
 title={Statement by the {Editors} on {Computer}-{Assisted} {Proofs}},
 author={Editors},
 other={\url{https://annals.math.princeton.edu/board}}
 }
