@article{Kup,
  title={Double-lattice packings of convex bodies in the plane},
  author={Kuperberg, Greg and Kuperberg, Wlodzimierz},
  journal={Discrete \& Computational Geometry},
  volume={5},
  number={4},
  pages={389--397},
  year={1990},
  publisher={Springer}
}

@incollection{hales2003some,
  title={Some algorithms arising in the proof of the {Kepler} conjecture},
  author={Hales, Thomas C},
  booktitle={Discrete and computational geometry},
  pages={489--507},
  year={2003},
  publisher={Springer}
}

@article{henley,
  title={Sphere packings and local environments in {Penrose} tilings},
  author={Henley, CL},
  journal={Physical Review B},
  volume={34},
  number={2},
  pages={797},
  year={1986},
  publisher={APS}
}

@book{dye,
  title={A grammar of Chinese lattice},
  author={Dye, Daniel Sheets},
  year={1937},
  publisher={Dover}
}

@incollection{val,
  title={Computing upper bounds for the packing density of congruent copies of a convex body},
  author={de Oliveira Filho, Fernando M{\'a}rio and Vallentin, Frank},
  booktitle={New trends in intuitive geometry},
  pages={155--188},
  year={2018},
    note={\url{arxiv.org/abs/1308.4893}},
  publisher={Springer}
}

@unpublished{mitm,
title={Coding contest trick: Meet in the middle},
author={Cosmin Negruseri},
year={2012},
note={\url{www.infoarena.ro/blog/meet-in-the-middle}}
}

@article{dinur2014dissection,
  title={Dissection: a new paradigm for solving bicomposite search problems},
  author={Dinur, Itai and Dunkelman, Orr and Keller, Nathan and Shamir, Adi},
  journal={Communications of the ACM},
  volume={57},
  number={10},
  pages={98--105},
  year={2014},
  publisher={ACM},
}

@unpublished{Git,
   year={2016},
   title={Pentagon computations},
   author={Hales, Thomas and Kusner, W\"oden},
   note={\url{www.github.com /thalesant /publications-of-thomas-hales
/geometry /packings-of-regular-pentagons /code}},
   key={Pentagon computations}
}

@inproceedings{All,
  title={Implementing an interval computation library for {OCaml} on
x86/amd64 architectures},
  author={Alliot, Jean-Marc and Gotteland, Jean-Baptiste and Vanaret,
Charlie and Durand, Nicolas and Gianazza, David},
  booktitle={OUD 2012, OCaml Users and Developers workshop},
  year={2012}
}

@phdthesis{Kus,
  title={Bounds on packing density via slicing},
  author={Kusner, W{\"o}den},
  year={2014},
  school={University of Pittsburgh}
}



